<?xml version="1.0" encoding="UTF-8"?><record xmlns="http://www.loc.gov/MARC21/slim" xmlns:cinclude="http://apache.org/cocoon/include/1.0" xmlns:zs="http://www.loc.gov/zing/srw/">
  <leader>00596cz  a2200145n  4500</leader>
  <controlfield tag="001">n  85130642 </controlfield>
  <controlfield tag="003">DLC</controlfield>
  <controlfield tag="005">20080706080248.0</controlfield>
  <controlfield tag="008">851022n| acannaabn          |a ana      </controlfield>
  <datafield tag="010" ind1=" " ind2=" ">
    <subfield code="a">n  85130642 </subfield>
  </datafield>
  <datafield tag="035" ind1=" " ind2=" ">
    <subfield code="a">(OCoLC)oca01428417</subfield>
  </datafield>
  <datafield tag="040" ind1=" " ind2=" ">
    <subfield code="a">DLC</subfield>
    <subfield code="b">eng</subfield>
    <subfield code="c">DLC</subfield>
    <subfield code="d">DLC</subfield>
    <subfield code="d">OCoLC</subfield>
  </datafield>
  <datafield tag="110" ind1="1" ind2=" ">
    <subfield code="a">Guatemala.</subfield>
    <subfield code="b">Comisión Nacional de Festejos del Centenario de la Escuela Politécnica</subfield>
  </datafield>
  <datafield tag="410" ind1="1" ind2=" ">
    <subfield code="a">Guatemala.</subfield>
    <subfield code="b">Festejos del Centenario de la Escuela Politécnica, Comisión Nacional de</subfield>
  </datafield>
  <datafield tag="670" ind1=" " ind2=" ">
    <subfield code="a">Ruiz García, E. Historial, 1973:</subfield>
    <subfield code="b">t.p. (Comisión Nacional de Festejos del Centenario de la Escuela Politécnica)</subfield>
  </datafield>
</record>